@inproceedings{rezende2016unsupervised,
  title={{Unsupervised learning of {3D} structure from images}},
  author={Rezende, Danilo Jimenez and Eslami, SM and Mohamed, Shakir and Battaglia, Peter and Jaderberg, Max and Heess, Nicolas},
  booktitle={Advances in Neural Information Processing Systems (NIPS)},
  year={2016}
}

@inproceedings{wu2016learning,
  title={Learning a Probabilistic Latent Space of Object Shapes via {3D} Generative-Adversarial Modeling},
  author={Wu, Jiajun and Zhang, Chengkai and Xue, Tianfan and Freeman, William T and Tenenbaum, Joshua B},
  booktitle={Advances in Neural Information Processing Systems (NIPS)},
  year={2016}
}

@inproceedings{yan2016perspective,
  title={{Perspective transformer nets: Learning single-view 3D object reconstruction without 3D supervision}},
  author={Yan, Xinchen and Yang, Jimei and Yumer, Ersin and Guo, Yijie and Lee, Honglak},
  booktitle={Advances in Neural Information Processing Systems},
  year={2016}
}


@inproceedings{kar2015category,
  title={Category-specific object reconstruction from a single image},
  author={Kar, Abhishek and Tulsiani, Shubham and Carreira, Joao and Malik, Jitendra},
  booktitle={Computer Vision and Pattern Recognition (CVPR)},
  year={2015},
}

@article{woodham1980photometric,
  title={Photometric method for determining surface orientation from multiple images},
  author={Woodham, Robert J},
  journal={Optical engineering},
  volume={19},
  number={1},
  pages={191139--191139},
  year={1980},
  publisher={International Society for Optics and Photonics}
}

@book{hartley2003multiple,
  title={Multiple view geometry in computer vision},
  author={Hartley, Richard and Zisserman, Andrew},
  year={2003},
  publisher={Cambridge university press}
}

@article{laurentini1994visual,
  title={The visual hull concept for silhouette-based image understanding},
  author={Laurentini, Aldo},
  journal={IEEE Transactions on Pattern Analysis and Machine Intelligence},
  volume={16},
  number={2},
  pages={150--162},
  year={1994},
  publisher={IEEE}
}

@inproceedings{bregler2000recovering,
  title={Recovering non-rigid {3D} shape from image streams},
  author={Bregler, Christoph and Hertzmann, Aaron and Biermann, Henning},
  booktitle={Computer Vision and Pattern Recognition (CVPR)},
  year={2000},
  organization={IEEE}
}

@inproceedings{blanz1999morphable,
  title={A morphable model for the synthesis of 3D faces},
  author={Blanz, Volker and Vetter, Thomas},
  booktitle={Proceedings of the 26th annual conference on Computer graphics and interactive techniques},
  pages={187--194},
  year={1999},
  organization={ACM Press/Addison-Wesley Publishing Co.}
}

@inproceedings{loper2014opendr,
  title={{OpenDR:} An approximate differentiable renderer},
  author={Loper, Matthew M and Black, Michael J},
  booktitle={European Conference on Computer Vision (ECCV)},
  year={2014},
}

@book{woo1999opengl,
  title={OpenGL programming guide: the official guide to learning OpenGL, version 1.2},
  author={Woo, Mason and Neider, Jackie and Davis, Tom and Shreiner, Dave},
  year={1999},
  publisher={Addison-Wesley Longman Publishing Co., Inc.}
}

@book{bradski2008learning,
  title={Learning OpenCV: Computer vision with the OpenCV library},
  author={Bradski, Gary and Kaehler, Adrian},
  year={2008},
  publisher={{O'Reilly Media, Inc.}}
}

@inproceedings{dosovitskiy2015learning,
  title={Learning to generate chairs with convolutional neural networks},
  author={Dosovitskiy, Alexey and Tobias Springenberg, Jost and Brox, Thomas},
  booktitle={Conference on Computer Vision and Pattern Recognition (CVPR)},
  year={2015}
}

@inproceedings{tatarchenko2016multi,
  title={Multi-view {3D} Models from Single Images with a Convolutional Network},
  author={Tatarchenko, Maxim and Dosovitskiy, Alexey and Brox, Thomas},
  booktitle={European Conference on Computer Vision (ECCV)},
  year={2016},
}

@inproceedings{zhou2016view,
  title={View synthesis by appearance flow},
  author={Zhou, Tinghui and Tulsiani, Shubham and Sun, Weilun and Malik, Jitendra and Efros, Alexei A},
  booktitle={European Conference on Computer Vision (ECCV)},
  year={2016},
}

@inproceedings{kulkarni2015deep,
  title={Deep convolutional inverse graphics network},
  author={Kulkarni, Tejas D and Whitney, William F and Kohli, Pushmeet and Tenenbaum, Josh},
  booktitle={Advances in Neural Information Processing Systems (NIPS)},
  year={2015}
}

@inproceedings{goodfellow2014generative,
  title={Generative adversarial nets},
  author={Goodfellow, Ian and Pouget-Abadie, Jean and Mirza, Mehdi and Xu, Bing and Warde-Farley, David and Ozair, Sherjil and Courville, Aaron and Bengio, Yoshua},
  booktitle={Advances in Neural Information Processing Systems (NIPS)},
  year={2014}
}

@ARTICLE{BarronTPAMI2015, 
Author = {Jonathan T Barron and Jitendra Malik},
Title = {Shape, Illumination, and Reflectance from Shading},
journal={Transactions of Pattern Analysis and Machine Intelligence (PAMI)},
year={2015}, 
}

@article{land1971lightness,
  title={Lightness and retinex theory},
  author={Land, Edwin H and McCann, John J},
  journal={JOSA},
  volume={61},
  number={1},
  pages={1--11},
  year={1971},
  publisher={Optical Society of America}
}

@article{barrow1978recovering,
  title={Recovering intrinsic scene characteristics},
  author={Barrow, Harry and Tenenbaum, J},
  journal={Comput. Vis. Syst., A Hanson \& E. Riseman (Eds.)},
  pages={3--26},
  year={1978}
}

@inproceedings{hoiem2005geometric,
  title={Geometric context from a single image},
  author={Hoiem, Derek and Efros, Alexei A and Hebert, Martial},
  booktitle={International Conference on Computer Vision (ICCV)},
  year={2005},
}

@inproceedings{saxena2005learning,
  title={Learning depth from single monocular images},
  author={Saxena, Ashutosh and Chung, Sung H and Ng, A},
  booktitle={Advances in Neural Information Processing Systems (NIPS)},
  year={2005},
}

@inproceedings{eigen2015predicting,
  title={Predicting depth, surface normals and semantic labels with a common multi-scale convolutional architecture},
  author={Eigen, David and Fergus, Rob},
  booktitle={International Conference on Computer Vision (ICCV)},
  year={2015}
}

@inproceedings{schwing2012efficient,
  title={Efficient exact inference for 3D indoor scene understanding},
  author={Schwing, Alexander G and Urtasun, Raquel},
  booktitle={European Conference on Computer Vision (ECCV)},
  year={2012},
}

@inproceedings{andriluka2010monocular,
  title={Monocular {3D} pose estimation and tracking by detection},
  author={Andriluka, Mykhaylo and Roth, Stefan and Schiele, Bernt},
  booktitle={Computer Vision and Pattern Recognition (CVPR)},
  year={2010},
  organization={IEEE}
}

@inproceedings{savarese20073d,
  title={{3D generic object categorization, localization and pose estimation}},
  author={Savarese, Silvio and Fei-Fei, Li},
  booktitle={International Conference on Computer Vision (ICCV)},
  year={2007},
}

@article{radford2015unsupervised,
  title={Unsupervised representation learning with deep convolutional generative adversarial networks},
  author={Radford, Alec and Metz, Luke and Chintala, Soumith},
  journal={arXiv preprint arXiv:1511.06434},
  year={2015}
}

@inproceedings{gretton2006kernel,
  title={A kernel method for the two-sample-problem},
  author={Gretton, Arthur and Borgwardt, Karsten M and Rasch, Malte and Sch{\"o}lkopf, Bernhard and Smola, Alex J},
  booktitle={Advances in Neural Information Processing Systems (NIPS)},
  year={2006}
}

@inproceedings{wu20153d,
  title={3d shapenets: A deep representation for volumetric shapes},
  author={Wu, Zhirong and Song, Shuran and Khosla, Aditya and Yu, Fisher and Zhang, Linguang and Tang, Xiaoou and Xiao, Jianxiong},
  booktitle={Conference on Computer Vision and Pattern Recognition (CVPR)},
  year={2015}
}

@inproceedings{maas2013rectifier,
  title={Rectifier nonlinearities improve neural network acoustic models},
  booktitle={International Conference on Machine Learning (ICML)},
  year={2013},
  author={Maas, Andrew L and Hannun, Awni Y and Ng, Andrew Y}
}

@article{chang2015shapenet,
  title={{Shapenet: An information-rich 3d model repository}},
  author={Chang, Angel X and Funkhouser, Thomas and Guibas, Leonidas and Hanrahan, Pat and Huang, Qixing and Li, Zimo and Savarese, Silvio and Savva, Manolis and Song, Shuran and Su, Hao and others},
  journal={arXiv preprint arXiv:1512.03012},
  year={2015}
}

@inproceedings{denton2015deep,
  title={{Deep Generative Image Models using a Laplacian Pyramid of Adversarial Networks}},
  author={Denton, Emily and Chintala, Soumith and Szlam, Arthur and Fergus, Rob},
  booktitle={Advances in Neural Information Processing Systems (NIPS)},
  year={2015}
}

@inproceedings{he2015deep,
  title={Deep residual learning for image recognition},
  author={He, Kaiming and Zhang, Xiangyu and Ren, Shaoqing and Sun, n},
  booktitle={Conference on Computer Vision and Pattern Recognition (CVPR)},
  year={2016}
}
@inproceedings{long2015fully,
  title={Fully convolutional networks for semantic segmentation},
  author={Long, Jonathan and Shelhamer, Evan and Darrell, Trevor},
  booktitle={Conference on Computer Vision and Pattern Recognition (CVPR)},
  year={2015}
}

@inproceedings{su2015render,
  title={{Render for {CNN}: Viewpoint estimation in images using cnns trained with rendered 3D model views}},
  author={Su, Hao and Qi, Charles R and Li, Yangyan and Guibas, Leonidas J},
  booktitle={International Conference on Computer Vision (ICCV)},
  year={2015}
}

@inproceedings{tulsiani2015pose,
  title={{Pose induction for novel object categories}},
  author={Tulsiani, Shubham and Carreira, Joao and Malik, Jitendra},
  booktitle={International Conference on Computer Vision (ICCV)},
  year={2015}
}

@article{nalbach2016deep,
  title={{Deep Shading: Convolutional Neural Networks for Screen-Space Shading}},
  author={Nalbach, Oliver and Arabadzhiyska, Elena and Mehta, Dushyant and Seidel, Hans-Peter and Ritschel, Tobias},
  journal={arXiv preprint arXiv:1603.06078},
  year={2016}
}

@inProceedings{drcTulsiani17,
  title={Multi-view Supervision for Single-view Reconstruction via Differentiable Ray Consistency},
  author = {Shubham Tulsiani and Tinghui Zhou and Alexei A. Efros and Jitendra Malik},
  booktitle={Computer Vision and Pattern Regognition (CVPR)},
  year={2017}
}

@inproceedings{prgan,
title={{3D Shape Induction from 2D Views of Multiple Objects}},
author = {Matheus Gadelha and Subhransu Maji and Rui Wang},
booktitle={International Conference on 3D Vision (3DV)},
year={2017}
}

@inProceedings{deepshapeprior,
  title={Shape Reconstruction using Differentiable Projections and Deep Priors},
  author = {Matheus Gadelha and Rui Wang and Subhransu Maji},
  booktitle={International Conference on Computer Vision (ICCV)},
  year={2019}
}

@inproceedings{bayesiandip,
author = {Cheng, Zezhou and Gadelha, Matheus and Maji, Subhransu and Sheldon, Daniel},
title = {A Bayesian Perspective on the Deep Image Prior},
booktitle = {The IEEE Conference on Computer Vision and Pattern Recognition (CVPR)},
year = {2019}
}

@inproceedings{henderson18,
  title={{Learning to Generate and Reconstruct 3D Meshes with only 2D Supervision}},
  author={Paul Henderson and Vittorio Ferrari},
  booktitle={British Machine Vision Conference (BMVC)},
  year={2018}
}

@article{Liu18,
 author = {Liu, Hsueh-Ti Derek and Tao, Michael and Jacobson, Alec},
 title = {Paparazzi: Surface Editing by Way of Multi-view Image Processing},
 journal = {ACM Transactions on Graphcs.},
 year = {2018},
}

@InProceedings{nmr,
    title={Neural 3D Mesh Renderer},
    author={Kato, Hiroharu and Ushiku, Yoshitaka and Harada, Tatsuya},
    booktitle={Computer Vision and Pattern Recognition (CVPR)},
    year={2018}
}

@article{dmc,
    title = {Differentiable Monte Carlo Ray Tracing through Edge Sampling},
    author = {Li, Tzu-Mao and Aittala, Miika and Durand, Fr{\'e}do and Lehtinen, Jaakko},
    journal = {ACM Transactions on Graph (SIGGRAPH Asia)},
    year = {2018}
}

@article{lun17,
  title={{3D Shape Reconstruction from Sketches via Multi-view Convolutional Networks}},
  author={Zhaoliang Lun and Matheus Gadelha and Evangelos Kalogerakis and Subhransu Maji and Rui Wang},
  journal={International Conference on 3D Vision (3DV)},
  year={2017},
  pages={67-77}
}

@inproceedings{lin18,
  title={{Learning Efficient Point Cloud Generation for Dense 3D Object Reconstruction}},
  author={Lin, Chen-Hsuan and Kong, Chen and Lucey, Simon},
  booktitle={AAAI Conference on Artificial Intelligence ({AAAI})},
  year={2018}
}

@inproceedings{psg,
  title={{A Point Set Generation Network for 3D Object Reconstruction from a Single Image}},
  author={Haoqiang Fan and Hao Su and Leonidas J. Guibas},
  booktitle={Computer Vision and Pattern Recognition (CVPR)},
  year={2017}
}

@inproceedings{atlasnet,
          title={{AtlasNet: A Papier-M\^ach\'e Approach to Learning 3D Surface Generation}},
          author={Groueix, Thibault and Fisher, Matthew and Kim, Vladimir G. and Russell, Bryan and Aubry, Mathieu},
          booktitle={Computer Vision and Pattern Recognition (CVPR)},
          year={2018}
        }

@inProceedings{mrt,
  title={{Multiresolution Tree Networks for 3D Point Cloud Processing}},
  author = {Matheus Gadelha and Rui Wang and Subhransu Maji},
  booktitle={European Conference on Computer Vision (ECCV)},
  year={2018}
}


@article{odena2016deconvolution,
  author = {Odena, Augustus and Dumoulin, Vincent and Olah, Chris},
  title = {Deconvolution and Checkerboard Artifacts},
  journal = {Distill},
  year = {2016},
}

@inproceedings{gadelha3d17,
title={{3D Shape Generation using Spatially Ordered Point Clouds}},
author={Matheus Gadelha and Subhransu Maji and Rui Wang},
booktitle={British Machine Vision Conference (BMVC)},
year=2017
}

@inproceedings{cmrKanazawa18,
  title={Learning Category-Specific Mesh Reconstruction from Image Collections},
  author = {Angjoo Kanazawa and Shubham Tulsiani and Alexei A. Efros  and Jitendra Malik},
  booktitle={European Conference on Computer Vision (ECCV)},
  year={2018}
}

@inproceedings{RenderNet,
  title={RenderNet: A deep convolutional network for differentiable rendering from 3D shapes},
  author={Nguyen-Phuoc, Thu and Li, Chuan and Balaban, Stephen and Yang, Yong-Liang},
  booktitle={Advances in Neural Information Processing Systems 31},
  year={2018}
}

@inProceedings{mvcTulsiani18,
  title={Multi-view Consistency as Supervisory Signal for Learning Shape and Pose Prediction},
  author = {Shubham Tulsiani and Alexei A. Efros and Jitendra Malik},
  booktitle={Computer Vision and Pattern Regognition (CVPR)},
  year={2018}
}

@article{latentpc,
  title={Learning Representations and Generative Models For 3D Point Clouds},
  author={Achlioptas, Panos and Diamanti, Olga and Mitliagkas, Ioannis and Guibas, Leonidas J},
  journal={arXiv preprint arXiv:1707.02392},
  year={2017}
}

