@inproceedings{rezende2016unsupervised,
  title={Unsupervised learning of {3D} structure from images},
  author={Rezende, Danilo Jimenez and Eslami, SM and Mohamed, Shakir and Battaglia, Peter and Jaderberg, Max and Heess, Nicolas},
  booktitle={Advances in Neural Information Processing Systems (NIPS)},
  year={2016}
}

@inproceedings{wu2016learning,
  title={Learning a Probabilistic Latent Space of Object Shapes via {3D} Generative-Adversarial Modeling},
  author={Wu, Jiajun and Zhang, Chengkai and Xue, Tianfan and Freeman, William T and Tenenbaum, Joshua B},
  booktitle={Advances in Neural Information Processing Systems (NIPS)},
  year={2016}
}

@inproceedings{yan2016perspective,
  title={Perspective transformer nets: Learning single-view 3d object reconstruction without 3d supervision},
  author={Yan, Xinchen and Yang, Jimei and Yumer, Ersin and Guo, Yijie and Lee, Honglak},
  booktitle={Advances in Neural Information Processing Systems},
  year={2016}
}


@inproceedings{kar2015category,
  title={Category-specific object reconstruction from a single image},
  author={Kar, Abhishek and Tulsiani, Shubham and Carreira, Jo?o and Malik, Jitendra},
  booktitle={Computer Vision and Pattern Recognition (CVPR)},
  year={2015},
}

@article{woodham1980photometric,
  title={Photometric method for determining surface orientation from multiple images},
  author={Woodham, Robert J},
  journal={Optical engineering},
  volume={19},
  number={1},
  pages={191139--191139},
  year={1980},
  publisher={International Society for Optics and Photonics}
}

@book{hartley2003multiple,
  title={Multiple view geometry in computer vision},
  author={Hartley, Richard and Zisserman, Andrew},
  year={2003},
  publisher={Cambridge university press}
}

@article{laurentini1994visual,
  title={The visual hull concept for silhouette-based image understanding},
  author={Laurentini, Aldo},
  journal={IEEE Transactions on pattern analysis and machine intelligence},
  volume={16},
  number={2},
  pages={150--162},
  year={1994},
  publisher={IEEE}
}

@inproceedings{bregler2000recovering,
  title={Recovering non-rigid {3D} shape from image streams},
  author={Bregler, Christoph and Hertzmann, Aaron and Biermann, Henning},
  booktitle={Computer Vision and Pattern Recognition (CVPR)},
  year={2000},
  organization={IEEE}
}

@inproceedings{blanz1999morphable,
  title={A morphable model for the synthesis of 3D faces},
  author={Blanz, Volker and Vetter, Thomas},
  booktitle={Proceedings of the 26th annual conference on Computer graphics and interactive techniques},
  pages={187--194},
  year={1999},
  organization={ACM Press/Addison-Wesley Publishing Co.}
}

@inproceedings{loper2014opendr,
  title={{OpenDR:} An approximate differentiable renderer},
  author={Loper, Matthew M and Black, Michael J},
  booktitle={European Conference on Computer Vision (ECCV)},
  year={2014},
}

@book{woo1999opengl,
  title={OpenGL programming guide: the official guide to learning OpenGL, version 1.2},
  author={Woo, Mason and Neider, Jackie and Davis, Tom and Shreiner, Dave},
  year={1999},
  publisher={Addison-Wesley Longman Publishing Co., Inc.}
}

@book{bradski2008learning,
  title={Learning OpenCV: Computer vision with the OpenCV library},
  author={Bradski, Gary and Kaehler, Adrian},
  year={2008},
  publisher={{O'Reilly Media, Inc.}}
}

@inproceedings{dosovitskiy2015learning,
  title={Learning to generate chairs with convolutional neural networks},
  author={Dosovitskiy, Alexey and Tobias Springenberg, Jost and Brox, Thomas},
  booktitle={Conference on Computer Vision and Pattern Recognition (CVPR)},
  year={2015}
}

@inproceedings{tatarchenko2016multi,
  title={Multi-view {3D} Models from Single Images with a Convolutional Network},
  author={Tatarchenko, Maxim and Dosovitskiy, Alexey and Brox, Thomas},
  booktitle={European Conference on Computer Vision (ECCV)},
  year={2016},
}

@inproceedings{zhou2016view,
  title={View synthesis by appearance flow},
  author={Zhou, Tinghui and Tulsiani, Shubham and Sun, Weilun and Malik, Jitendra and Efros, Alexei A},
  booktitle={European Conference on Computer Vision (ECCV)},
  year={2016},
}

@inproceedings{kulkarni2015deep,
  title={Deep convolutional inverse graphics network},
  author={Kulkarni, Tejas D and Whitney, William F and Kohli, Pushmeet and Tenenbaum, Josh},
  booktitle={Advances in Neural Information Processing Systems (NIPS)},
  year={2015}
}

@inproceedings{goodfellow2014generative,
  title={Generative adversarial nets},
  author={Goodfellow, Ian and Pouget-Abadie, Jean and Mirza, Mehdi and Xu, Bing and Warde-Farley, David and Ozair, Sherjil and Courville, Aaron and Bengio, Yoshua},
  booktitle={Advances in Neural Information Processing Systems (NIPS)},
  year={2014}
}

@ARTICLE{BarronTPAMI2015, 
Author = {Jonathan T Barron and Jitendra Malik},
Title = {Shape, Illumination, and Reflectance from Shading},
journal={Transactions of Pattern Analysis and Machine Intelligence (PAMI)},
year={2015}, 
}

@article{land1971lightness,
  title={Lightness and retinex theory},
  author={Land, Edwin H and McCann, John J},
  journal={JOSA},
  volume={61},
  number={1},
  pages={1--11},
  year={1971},
  publisher={Optical Society of America}
}

@article{barrow1978recovering,
  title={Recovering intrinsic scene characteristics},
  author={Barrow, Harry and Tenenbaum, J},
  journal={Comput. Vis. Syst., A Hanson \& E. Riseman (Eds.)},
  pages={3--26},
  year={1978}
}

@inproceedings{hoiem2005geometric,
  title={Geometric context from a single image},
  author={Hoiem, Derek and Efros, Alexei A and Hebert, Martial},
  booktitle={International Conference on Computer Vision (ICCV)},
  year={2005},
}

@inproceedings{saxena2005learning,
  title={Learning depth from single monocular images},
  author={Saxena, Ashutosh and Chung, Sung H and Ng, A},
  booktitle={Advances in Neural Information Processing Systems (NIPS)},
  year={2005},
}

@inproceedings{eigen2015predicting,
  title={Predicting depth, surface normals and semantic labels with a common multi-scale convolutional architecture},
  author={Eigen, David and Fergus, Rob},
  booktitle={International Conference on Computer Vision (ICCV)},
  year={2015}
}

@inproceedings{schwing2012efficient,
  title={Efficient exact inference for 3D indoor scene understanding},
  author={Schwing, Alexander G and Urtasun, Raquel},
  booktitle={European Conference on Computer Vision (ECCV)},
  year={2012},
}

@inproceedings{andriluka2010monocular,
  title={Monocular {3D} pose estimation and tracking by detection},
  author={Andriluka, Mykhaylo and Roth, Stefan and Schiele, Bernt},
  booktitle={Computer Vision and Pattern Recognition (CVPR)},
  year={2010},
  organization={IEEE}
}

@inproceedings{savarese20073d,
  title={3D generic object categorization, localization and pose estimation},
  author={Savarese, Silvio and Fei-Fei, Li},
  booktitle={International Conference on Computer Vision (ICCV)},
  year={2007},
}

@article{radford2015unsupervised,
  title={Unsupervised representation learning with deep convolutional generative adversarial networks},
  author={Radford, Alec and Metz, Luke and Chintala, Soumith},
  journal={arXiv preprint arXiv:1511.06434},
  year={2015}
}

@inproceedings{gretton2006kernel,
  title={A kernel method for the two-sample-problem},
  author={Gretton, Arthur and Borgwardt, Karsten M and Rasch, Malte and Sch{\"o}lkopf, Bernhard and Smola, Alex J},
  booktitle={Advances in Neural Information Processing Systems (NIPS)},
  year={2006}
}

@inproceedings{wu20153d,
  title={3d shapenets: A deep representation for volumetric shapes},
  author={Wu, Zhirong and Song, Shuran and Khosla, Aditya and Yu, Fisher and Zhang, Linguang and Tang, Xiaoou and Xiao, Jianxiong},
  booktitle={Conference on Computer Vision and Pattern Recognition (CVPR)},
  year={2015}
}

@inproceedings{maas2013rectifier,
  title={Rectifier nonlinearities improve neural network acoustic models},
  booktitle={International Conference on Machine Learning (ICML)},
  year={2013},
  author={Maas, Andrew L and Hannun, Awni Y and Ng, Andrew Y}
}

@article{chang2015shapenet,
  title={Shapenet: An information-rich 3d model repository},
  author={Chang, Angel X and Funkhouser, Thomas and Guibas, Leonidas and Hanrahan, Pat and Huang, Qixing and Li, Zimo and Savarese, Silvio and Savva, Manolis and Song, Shuran and Su, Hao and others},
  journal={arXiv preprint arXiv:1512.03012},
  year={2015}
}

@inproceedings{denton2015deep,
  title={Deep Generative Image Models using aï¿¼ Laplacian Pyramid of Adversarial Networks},
  author={Denton, Emily L and Chintala, Soumith and Fergus, Rob and others},
  booktitle={Advances in Neural Information Processing Systems (NIPS)},
  year={2015}
}

@inproceedings{he2015deep,
  title={Deep residual learning for image recognition},
  author={He, Kaiming and Zhang, Xiangyu and Ren, Shaoqing and Sun, Jian},
  booktitle={Conference on Computer Vision and Pattern Recognition (CVPR)},
  vyear={2016}
}e
@inproceedings{long2015fully,
  title={Fully convolutional networks for semantic segmentation},
  author={Long, Jonathan and Shelhamer, Evan and Darrell, Trevor},
  booktitle={Conference on Computer Vision and Pattern Recognition (CVPR)},
  year={2015}
}

@inproceedings{su2015render,
  title={Render for {CNN}: Viewpoint estimation in images using cnns trained with rendered 3d model views},
  author={Su, Hao and Qi, Charles R and Li, Yangyan and Guibas, Leonidas J},
  booktitle={International Conference on Computer Vision (ICCV)},
  year={2015}
}

@inproceedings{tulsiani2015pose,
  title={Pose induction for novel object categories},
  author={Tulsiani, Shubham and Carreira, Joao and Malik, Jitendra},
  booktitle={International Conference on Computer Vision (ICCV)},
  year={2015}
}

@article{nalbach2016deep,
  title={Deep Shading: Convolutional Neural Networks for Screen-Space Shading},
  author={Nalbach, Oliver and Arabadzhiyska, Elena and Mehta, Dushyant and Seidel, Hans-Peter and Ritschel, Tobias},
  journal={arXiv preprint arXiv:1603.06078},
  year={2016}
}

@article{improvedGAN,
  author    = {Tim Salimans and
               Ian J. Goodfellow and
               Wojciech Zaremba and
               Vicki Cheung and
               Alec Radford and
               Xi Chen},
  title     = {Improved Techniques for Training GANs},
  journal   = {CoRR},
  volume    = {abs/1606.03498},
  year      = {2016},
  url       = {http://arxiv.org/abs/1606.03498},
  timestamp = {Fri, 01 Jul 2016 17:39:49 +0200},
  biburl    = {http://dblp.uni-trier.de/rec/bib/journals/corr/SalimansGZCRC16},
  bibsource = {dblp computer science bibliography, http://dblp.org}
}

@article{Adam,
  author    = {Diederik P. Kingma and
               Jimmy Ba},
  title     = {Adam: {A} Method for Stochastic Optimization},
  journal   = {CoRR},
  volume    = {abs/1412.6980},
  year      = {2014},
  url       = {http://arxiv.org/abs/1412.6980},
  timestamp = {Thu, 01 Jan 2015 19:51:08 +0100},
  biburl    = {http://dblp.uni-trier.de/rec/bib/journals/corr/KingmaB14},
  bibsource = {dblp computer science bibliography, http://dblp.org}
}

<<<<<<< HEAD
@article{tipping1999probabilistic,
  title={Probabilistic principal component analysis},
  author={Tipping, Michael E and Bishop, Christopher M},
  journal={Journal of the Royal Statistical Society: Series B (Statistical Methodology)},
  volume={61},
  number={3},
  pages={611--622},
  year={1999},
  publisher={Wiley Online Library}
}

@inproceedings{3dgan,
  title={Learning a probabilistic latent space of object shapes via 3d generative-adversarial modeling},
  author={Wu, Jiajun and Zhang, Chengkai and Xue, Tianfan and Freeman, William T and Tenenbaum, Joshua B},
  booktitle={Advances in Neural Information Processing Systems},
  pages={82--90},
  year={2016}
}

@article{meagher1982geometric,
  title={Geometric modeling using octree encoding},
  author={Meagher, Donald},
  journal={Computer graphics and image processing},
  volume={19},
  number={2},
  pages={129--147},
  year={1982},
  publisher={Elsevier}
}

@article{tatarchenko2017octree,
  title={Octree Generating Networks: Efficient Convolutional Architectures for High-resolution 3D Outputs},
  author={Tatarchenko, Maxim and Dosovitskiy, Alexey and Brox, Thomas},
  journal={arXiv preprint arXiv:1703.09438},
  year={2017}
}

@INPROCEEDINGS{Riegler2017CVPR,
  author = {Gernot Riegler and Ali Osman Ulusoy and Andreas Geiger},
  title = {OctNet: Learning Deep 3D Representations at High Resolutions},
  booktitle = {Conference on Computer Vision and Pattern Recognition},
  yaer = {2017}
}
@article{Bowers:2010:PPD,
 author = {Bowers, John and Wang, Rui and Wei, Li-Yi and Maletz, David},
 title = {Parallel Poisson Disk Sampling with Spectrum Analysis on Surfaces},
 journal = {ACM Trans. Graph.},
 volume = {29},
 number = {6},
 year = {2010},
 pages = {166:1--166:10},
} 


@inproceedings{allen2003space,
  title={The space of human body shapes: reconstruction and parameterization from range scans},
  author={Allen, Brett and Curless, Brian and Popovi{\'c}, Zoran},
  booktitle={ACM transactions on graphics (TOG)},
  volume={22},
  number={3},
  pages={587--594},
  year={2003},
  organization={ACM}
}

@article{litany2017deep,
  title={Deep Functional Maps: Structured Prediction for Dense Shape Correspondence},
  author={Litany, Or and Remez, Tal and Rodol{\`a}, Emanuele and Bronstein, Alex M and Bronstein, Michael M},
  journal={arXiv preprint arXiv:1704.08686},
  year={2017}
}

@article{bronstein2010gromov,
  title={A Gromov-Hausdorff framework with diffusion geometry for topologically-robust non-rigid shape matching},
  author={Bronstein, Alexander M and Bronstein, Michael M and Kimmel, Ron and Mahmoudi, Mona and Sapiro, Guillermo},
  journal={International Journal of Computer Vision},
  volume={89},
  number={2},
  pages={266--286},
  year={2010},
  publisher={Springer}
}

@inproceedings{huang2013consistent,
  title={Consistent shape maps via semidefinite programming},
  author={Huang, Qi-Xing and Guibas, Leonidas},
  booktitle={Computer Graphics Forum},
  volume={32},
  number={5},
  pages={177--186},
  year={2013},
  organization={Wiley Online Library}
}

@inproceedings{besl1992method,
  title={Method for registration of 3-D shapes},
  author={Besl, Paul J and McKay, Neil D},
  booktitle={Robotics-DL tentative},
  pages={586--606},
  year={1992},
  organization={International Society for Optics and Photonics}
}

@article{chen1992object,
  title={Object modelling by registration of multiple range images},
  author={Chen, Yang and Medioni, G{\'e}rard},
  journal={Image and vision computing},
  volume={10},
  number={3},
  pages={145--155},
  year={1992},
  publisher={Elsevier}
}

@article{cashman2013shape,
  title={What shape are dolphins? building 3d morphable models from 2d images},
  author={Cashman, Thomas J and Fitzgibbon, Andrew W},
  journal={IEEE transactions on pattern analysis and machine intelligence},
  volume={35},
  number={1},
  pages={232--244},
  year={2013},
  publisher={IEEE}
}

@inproceedings{prasad2010finding,
  title={Finding nemo: Deformable object class modelling using curve matching},
  author={Prasad, Mukta and Fitzgibbon, Andrew and Zisserman, Andrew and Van Gool, Luc},
  booktitle={Computer Vision and Pattern Recognition (CVPR)},
  year={2010}
}

@inproceedings{van2011survey,
  title={A survey on shape correspondence},
  author={Van Kaick, Oliver and Zhang, Hao and Hamarneh, Ghassan and Cohen-Or, Daniel},
  booktitle={Computer Graphics Forum},
  volume={30},
  number={6},
  pages={1681--1707},
  year={2011},
  organization={Wiley Online Library}
}

@InProceedings{Su_2015_ICCV,
    Title={Render for CNN: Viewpoint Estimation in Images Using CNNs Trained with Rendered 3D Model Views},
    Author={Su, Hao and Qi, Charles R. and Li, Yangyan and Guibas, Leonidas J.},
    Booktitle={The IEEE International Conference on Computer Vision (ICCV)},
    month = {December},
    Year= {2015}
}

@inproceedings{dasgupta2008random,
  title={Random projection trees and low dimensional manifolds},
  author={Dasgupta, Sanjoy and Freund, Yoav},
  booktitle={Proceedings of the fortieth annual ACM symposium on Theory of computing},
  pages={537--546},
  year={2008},
  organization={ACM}
}

@inproceedings{gionis1999similarity,
  title={Similarity search in high dimensions via hashing},
  author={Gionis, Aristides and Indyk, Piotr and Motwani, Rajeev and others},
  booktitle={VLDB},
  volume={99},
  number={6},
  pages={518--529},
  year={1999}
}

@inproceedings{fan2016point,
  title={A Point Set Generation Network for 3D Object Reconstruction from a Single Image},
  author={Fan, Haoqiang and Su, Hao and Guibas, Leonidas},
  booktitle={IEEE Conference on Computer Vision and Pattern Recognition},
  year={2017}
}