@inproceedings{ulyanov17deep,
  author    = {Dmitry Ulyanov and
               Andrea Vedaldi and
               Victor S. Lempitsky},
  title     = {{Deep Image Prior}},
  booktitle   = {Computer Vision and Pattern Recognition (CVPR)},
  year      = {2018}
}

@inproceedings{bayesiandip,
	author = {Cheng, Zezhou and Gadelha, Matheus and Maji, Subhransu and Sheldon, Daniel},
    title = {{A Bayesian Perspective on the Deep Image Prior}},
	booktitle = {Computer Vision and Pattern Recognition (CVPR)},
	year = {2019}
}

@inproceedings{hologan,
    author    = {Thu Nguyen{-}Phuoc and
               Chuan Li and
               Lucas Theis and
               Christian Richardt and
               Yong{-}Liang Yang},
    title = {{HoloGAN: Unsupervised learning of 3D representations from natural
               images}},
	booktitle = {International Conference on Computer Vision (ICCV)},
	year = {2019}
}

@inproceedings{deepvoxels,
        author = {Sitzmann, Vincent
                  and Thies, Justus
                  and Heide, Felix
                  and Nie{\ss}ner, Matthias
                  and Wetzstein, Gordon
                  and Zollh{\"o}fer, Michael},
        title = {{DeepVoxels: Learning Persistent 3D Feature Embeddings}},
        booktitle = {Computer Vision and Pattern Recognition (CVPR)},
        year={2019}
        }
      }
    

@inproceedings{stn,
title = {{Spatial Transformer Networks}},
author = {Jaderberg, Max and Simonyan, Karen and Zisserman, Andrew and kavukcuoglu, koray},
booktitle = {Advances in Neural Information Processing Systems (NIPS)},
year = {2015},
}

@article{radon, 
  author={J. Radon}, 
  journal={IEEE Transactions on Medical Imaging}, 
  title={On the determination of functions from their integral values along certain manifolds}, 
  year={1986}, 
  volume={5}, 
  number={4}, 
  pages={170-176}, 
  keywords={Integral equations;Mathematics}, 
  month={Dec},
}

@article{xu2011image,
  title={{Image smoothing via L0 gradient minimization}},
  author={Xu, Li and Lu, Cewu and Xu, Yi and Jia, Jiaya},
  journal={ACM Transactions on Graphics (TOG)},
  volume={30},
  number={6},
  pages={174},
  year={2011},
  organization={ACM}
}

@inproceedings{tomasi1998bilateral,
  title={Bilateral filtering for gray and color images},
  author={Tomasi, Carlo and Manduchi, Roberto},
  booktitle={International Conference on Computer Vision (ICCV)},
  year={1998}
}

@article{rudin1992nonlinear,
  title={Nonlinear total variation based noise removal algorithms},
  author={Rudin, Leonid I and Osher, Stanley and Fatemi, Emad},
  journal={Physica D: nonlinear phenomena},
  volume={60},
  number={1-4},
  pages={259--268},
  year={1992},
  publisher={Elsevier}
}

@inproceedings{zoran2011learning,
  title={From learning models of natural image patches to whole image restoration},
  author={Zoran, Daniel and Weiss, Yair},
  booktitle={International Conference on Computer Vision (ICCV)},
  year={2011}
}

@article{dabov2007image,
  title={{Image denoising by sparse 3-D transform-domain collaborative filtering}},
  author={Dabov, Kostadin and Foi, Alessandro and Katkovnik, Vladimir and Egiazarian, Karen},
  journal={IEEE Transactions on image processing},
  volume={16},
  number={8},
  pages={2080--2095},
  year={2007},
  publisher={IEEE}
}

@inproceedings{buades2005non,
  title={{A non-local algorithm for image denoising}},
  author={Buades, Antoni and Coll, Bartomeu and Morel, J-M},
  booktitle={Computer Vision and Pattern Recognition (CVPR)},
  year={2005}
}

@inproceedings{sgld,
  title={Bayesian learning via stochastic gradient Langevin dynamics},
  author={Welling, Max and Teh, Yee W},
  booktitle={International Conference on Machine Learning (ICML)},
  year={2011}
}

@inproceedings{modelnet,
    	Author = {Z. Wu, S. Song, A. Khosla, F. Yu, L. Zhang, X. Tang, J. Xiao},
    	Title = {{3D ShapeNets: A Deep Representation for Volumetric Shapes}},
    	Booktitle = {Computer Vision and Pattern Recognition (CVPR)},
    	Year = {2015}
}

@article{vincent2010stacked,
  title={Stacked denoising autoencoders: Learning useful representations in a deep network with a local denoising criterion},
  author={Vincent, Pascal and Larochelle, Hugo and Lajoie, Isabelle and Bengio, Yoshua and Manzagol, Pierre-Antoine},
  journal={Journal of Machine Learning Research},
  volume={11},
  number={Dec},
  pages={3371--3408},
  year={2010}
}

@inproceedings{roth2005fields,
  title={{Fields of experts: A framework for learning image priors}},
  author={Roth, Stefan and Black, Michael J},
  booktitle={Computer Vision and Pattern Recognition (CVPR)},
  year={2005}
}

@article{elad2006image,
  title={Image denoising via sparse and redundant representations over learned dictionaries},
  author={Elad, Michael and Aharon, Michal},
  journal={IEEE Transactions on Image processing},
  volume={15},
  number={12},
  pages={3736--3745},
  year={2006},
  publisher={IEEE}
}

@inproceedings{goodfellow2014generative,
  title={Generative adversarial nets},
  author={Goodfellow, Ian and Pouget-Abadie, Jean and Mirza, Mehdi and Xu, Bing and Warde-Farley, David and Ozair, Sherjil and Courville, Aaron and Bengio, Yoshua},
  booktitle={Advances in Neural Information Processing Systems (NIPS)},
  year={2014}
}

@article{kingma2013auto,
  title={{Auto-encoding variational Bayes}},
  author={Kingma, Diederik P and Welling, Max},
  journal={arXiv preprint arXiv:1312.6114},
  year={2013}
}

@article{maggioni2013nonlocal,
  title={Nonlocal transform-domain filter for volumetric data denoising and reconstruction},
  author={Maggioni, Matteo and Katkovnik, Vladimir and Egiazarian, Karen and Foi, Alessandro},
  journal={IEEE transactions on image processing},
  volume={22},
  number={1},
  pages={119--133},
  year={2013},
  publisher={IEEE}
}

@article{boyd2011distributed,
  title={Distributed optimization and statistical learning via the alternating direction method of multipliers},
  author={Boyd, Stephen and Parikh, Neal and Chu, Eric and Peleato, Borja and Eckstein, Jonathan and others},
  journal={Foundations and Trends in Machine learning},
  volume={3},
  number={1},
  pages={1--122},
  year={2011},
  publisher={Now Publishers, Inc.}
}

@incollection{yandeepadmm16,
title = {{Deep ADMM-Net for Compressive Sensing MRI}},
author = {Yang, Yan and Sun, Jian and Li, Huibin and Xu, Zongben},
booktitle = {Advances in Neural Information Processing Systems (NIPS)},
year = {2016},
}

@article{chang2017one,
  title={One network to solve them allâ€”solving linear inverse problems using deep projection models},
  author={Chang, JH Rick and Li, Chun-Liang and Poczos, Barnabas and Kumar, BVK Vijaya and Sankaranarayanan, Aswin C},
  journal={arXiv preprint},
  year={2017}
}

@inproceedings{zhang2016colorful,
  title={Colorful image colorization},
  author={Zhang, Richard and Isola, Phillip and Efros, Alexei A},
  booktitle={European Conference on Computer Vision (ECCV)},
  year={2016}
}

@inproceedings{larsson2016learning,
  title={Learning representations for automatic colorization},
  author={Larsson, Gustav and Maire, Michael and Shakhnarovich, Gregory},
  booktitle={European Conference on Computer Vision (ECCV)},
  year={2016}
}

@inproceedings{dong2014learning,
  title={Learning a deep convolutional network for image super-resolution},
  author={Dong, Chao and Loy, Chen Change and He, Kaiming and Tang, Xiaoou},
  booktitle={European Conference on Computer Vision (ECCV)},
  year={2014}
}

@inproceedings{xie2012image,
  title={Image denoising and inpainting with deep neural networks},
  author={Xie, Junyuan and Xu, Linli and Chen, Enhong},
  booktitle={Advances in neural information processing systems (NIPS)},
  year={2012}
}

@inproceedings{eigen2014depth,
  title={Depth map prediction from a single image using a multi-scale deep network},
  author={Eigen, David and Puhrsch, Christian and Fergus, Rob},
  booktitle={Advances in neural information processing systems (NIPS)},
  year={2014}
}

@inproceedings{cocosco1997brainweb,
  title={{Brainweb: Online interface to a 3D MRI simulated brain database}},
  author={Cocosco, Chris A and Kollokian, Vasken and Kwan, Remi K-S and Pike, G Bruce and Evans, Alan C},
  booktitle={NeuroImage},
  year={1997}
}

@article{shepp1974fourier,
  title={{The Fourier reconstruction of a head section}},
  author={Shepp, Lawrence A and Logan, Benjamin F},
  journal={IEEE Transactions on nuclear science},
  volume={21},
  number={3},
  pages={21--43},
  year={1974},
  publisher={IEEE}
}

@article{prgan,
  author    = {Matheus Gadelha and
               Subhransu Maji and
               Rui Wang},
  title     = {{3D Shape Induction from 2D Views of Multiple Objects}},
  journal   = {International Conference on 3D Vision (3DV)},
  year      = {2017}
}
@inproceedings{ronneberger2015u,
  title={{U-Net: Convolutional networks for biomedical image segmentation}},
  author={Ronneberger, Olaf and Fischer, Philipp and Brox, Thomas},
  booktitle={International Conference on Medical image computing and computer-assisted intervention},
  pages={234--241},
  year={2015},
  organization={Springer}
}

@misc{clipmagic,
  howpublished = "\url{https://clippingmagic.com/}"
}