@InProceedings{Klokov_2017_ICCV,
author = {Klokov, Roman and Lempitsky, Victor},
title = {Escape From Cells: Deep Kd-Networks for the Recognition of 3D Point Cloud Models},
booktitle = {ICCV},
year = {2017}
}

@InProceedings{voxnet,
title = {VoxNet: A 3D Convolutional Neural Network for Real-Time Object Recognition},
author = {Daniel Maturana and Sebastian Scherer},
booktitle = {IROS},
year = {2015},
pages= {922-928},
}

@InProceedings{fpnn,
author = {Yangyan Li and Soeren Pirk and Hao Su and Charles R. Qi and Leonidas J. Guibas},
title = {FPNN: Field Probing Neural Networks for 3D Data},
booktitle = {NIPS},
year = {2016}
}

@inproceedings{mvcnn,
  author    = {Hang Su and Subhransu Maji and Evangelos Kalogerakis and Erik G. Learned{-}Miller},
  title     = {Multi-view convolutional neural networks for 3d shape recognition},
  booktitle = {ICCV},
  year      = {2015},
}

@inproceedings{3dgan,
  title={Learning a probabilistic latent space of object shapes via 3d generative-adversarial modeling},
  author={Wu, Jiajun and Zhang, Chengkai and Xue, Tianfan and Freeman, William T and Tenenbaum, Joshua B}
  booktitle={NIPS},
  year={2016}
}

@inproceedings{hie3dcnn,
  author    = {Christian H{\"{a}}ne and
               Shubham Tulsiani and
               Jitendra Malik},
  title     = {Hierarchical Surface Prediction for 3D Object Reconstruction},
  booktitle   = {International Conference on 3D Vision (3DV)},
  year = {2017}
}

@inproceedings{LunGKMW17,
  author    = {Zhaoliang Lun and
               Matheus Gadelha and
               Evangelos Kalogerakis and
               Subhransu Maji and
               Rui Wang},
  title     = {3D Shape Reconstruction from Sketches via Multi-view Convolutional
               Networks},
  booktitle   = {International Conference on 3D Vision (3DV)},
  year      = {2017},
}

@inproceedings{tatarchenko2017octree,
  title={Octree Generating Networks: Efficient Convolutional Architectures for High-resolution 3D Outputs},
  author={Tatarchenko, Maxim and Dosovitskiy, Alexey and Brox, Thomas},
  booktitle={IEEE International Conference on Computer Vision (ICCV)},
  year={2017}
}

@INPROCEEDINGS{Riegler2017CVPR,
  author = {Gernot Riegler and Ali Osman Ulusoy and Andreas Geiger},
  title = {OctNet: Learning Deep 3D Representations at High Resolutions},
  booktitle = {Conference on Computer Vision and Pattern Recognition},
  yaer = {2017}
}

@inproceedings{pointnet,
  title={PointNet: Deep Learning on Point Sets for 3D Classification and Segmentation},
  author={Hao Su and Charles Qi and Kaichun Mo and Leonidas Guibas},
  booktitle={CVPR},
  year={2017}
}

@inproceedings{pointnet2,
  title={PointNet++: Deep Hierarchical Feature Learning on Point Sets in a Metric Space},
  author={Charles R. Qi and Li Yi and Hao Su and Leonidas J. Guibas},
  booktitle={NIPS},
  year={2017}
}

@inproceedings{Yi:SyncSpec:2017,
  title={{SyncSpecCNN:} Synchronized Spectral CNN for 3D Shape Segmentation},
  author={Li Yi and Hao Su and Xingwen Guo and Leonidas Guibas},
  booktitle={CVPR},
  year={2017}
}

@article{bruna:spectral,
  author    = {Joan Bruna and
               Wojciech Zaremba and
               Arthur Szlam and
               Yann LeCun},
  title     = {Spectral Networks and Locally Connected Networks on Graphs},
  volume    = {arXiv preprint arXiv:1312.6203},
  year      = {2013}
}

@article{masci:gcnn,
  author    = {Jonathan Masci and
               Davide Boscaini and
               Michael M. Bronstein and
               Pierre Vandergheynst},
  title     = {Geodesic convolutional neural networks on Riemannian manifolds},
  volume    = {arXiv preprint arXiv:1501.06297},
  year      = {2015},
}

@inproceedings{Boscaini2016LearningSC,
  title={Learning shape correspondence with anisotropic convolutional neural networks},
  author={Davide Boscaini and Jonathan Masci and Emanuele Rodol{\`a} and Michael M. Bronstein},
  booktitle={NIPS},
  year={2016}
}


@inproceedings{SimonovskyK17,
  author    = {Martin Simonovsky and
               Nikos Komodakis},
  title     = {Dynamic Edge-Conditioned Filters in Convolutional Neural Networks
               on Graphs},
  booktitle = {CVPR},
  year      = {2017},
}

@inproceedings{Soltani17,
  author    = {Amir Arsalan Soltani and Haibin Huang and Jiajun Wu and Tejas Kulkarni and Joshua Tenenbaum},
  title     = {Synthesizing 3D Shapes via Modeling Multi-View Depth Maps and Silhouettes with Deep Generative Networks},
  booktitle = {CVPR},
  year      = {2017},
}

@article {Nash:ShapeVAE,
author = {Nash, C. and Williams, C. K. I.},
title = {The shape variational autoencoder: A deep generative model of part-segmented 3D objects},
journal = {Computer Graphics Forum},
volume = {36},
number = {5},
pages = {1--12},
year = {2017},
}

@article{AchlioptasDMG17,
  author    = {Panos Achlioptas and
               Olga Diamanti and
               Ioannis Mitliagkas and
               Leonidas J. Guibas},
  title     = {Representation Learning and Adversarial Generation of 3D Point Clouds},
  volume    = {arXiv preprint arXiv:1707.02392},
  year      = {2017},
}

@article{vgg,
  author    = {Karen Simonyan and
               Andrew Zisserman},
  title     = {Very Deep Convolutional Networks for Large-Scale Image Recognition},
  volume    = {arXiv preprint arXiv:1409.1556},
  year      = {2014},
}

@article{AEV,
  author    = {Diederik P Kingma and Max Welling},
  title     = {Auto-Encoding Variational Bayes},
  volume    = {arXiv preprint arXiv:1312.6114},
  year      = {2013},
}

@article{BrockLRW16,
  author    = {Andr{\'{e}} Brock and
               Theodore Lim and
               James M. Ritchie and
               Nick Weston},
  title     = {Generative and Discriminative Voxel Modeling with Convolutional Neural
               Networks},
  volume    = {arXiv preprint arXiv:1608.04236},
  year      = {2016},
}

@article{vae,
  author    = {Diederik P. Kingma and
               Max Welling},
  title     = {Auto-Encoding Variational Bayes},
  journal   = {CoRR},
  volume    = {abs/1312.6114},
  year      = {2013},
  url       = {http://arxiv.org/abs/1312.6114},
  archivePrefix = {arXiv},
  eprint    = {1312.6114},
  timestamp = {Wed, 07 Jun 2017 14:40:08 +0200},
  biburl    = {http://dblp.org/rec/bib/journals/corr/KingmaW13},
  bibsource = {dblp computer science bibliography, http://dblp.org}
}

@inproceedings{fan2016point,
  title={A Point Set Generation Network for 3D Object Reconstruction from a Single Image},
  author={Fan, Haoqiang and Su, Hao and Guibas, Leonidas},
  booktitle={IEEE Conference on Computer Vision and Pattern Recognition},
  year={2017}
}

@inproceedings{rezende2016unsupervised,
  title={Unsupervised learning of {3D} structure from images},
  author={Rezende, Danilo Jimenez and Eslami, SM and Mohamed, Shakir and Battaglia, Peter and Jaderberg, Max and Heess, Nicolas},
  booktitle={Advances in Neural Information Processing Systems (NIPS)},
  year={2016}
}

@INPROCEEDINGS{Huang:PCL,
author={Jing Huang and Suya You},
booktitle={ICPR},
title={Point cloud labeling using 3D Convolutional Neural Network},
year={2016},
pages={2670-2675},
}

@inproceedings{multigrid,
  author    = {Tsung{-}Wei Ke and
               Michael Maire and
               Stella X. Yu},
  title = {Multigrid Neural Architectures},
  booktitle = {CVPR},
  year = {2017}
}

@incollection{AlexNet,
title = {ImageNet Classification with Deep Convolutional Neural Networks},
author = {Alex Krizhevsky and Sutskever, Ilya and Hinton, Geoffrey E},
booktitle = {Advances in Neural Information Processing Systems 25},
pages = {1097--1105},
year = {2012},
}

@article{yu2015multi,
  title={Multi-scale context aggregation by dilated convolutions},
  author={Yu, Fisher and Koltun, Vladlen},
  journal={arXiv preprint arXiv:1511.07122},
  year={2015}
}

@article{chen2016deeplab,
  title={Deeplab: Semantic image segmentation with deep convolutional nets, atrous convolution, and fully connected crfs},
  author={Chen, Liang-Chieh and Papandreou, George and Kokkinos, Iasonas and Murphy, Kevin and Yuille, Alan L},
  journal={arXiv preprint arXiv:1606.00915},
  year={2016}
}

@incollection{dutilleux1990implementation,
  title={An implementation of the “algorithme {\`a} trous” to compute the wavelet transform},
  author={Dutilleux, Pierre},
  booktitle={Wavelets},
  pages={298--304},
  year={1990},
  publisher={Springer}
}

@inproceedings{he2014spatial,
  title={Spatial pyramid pooling in deep convolutional networks for visual recognition},
  author={He, Kaiming and Zhang, Xiangyu and Ren, Shaoqing and Sun, Jian},
  booktitle={European Conference on Computer Vision},
  pages={346--361},
  year={2014},
  organization={Springer}
}

@inproceedings{lin2016fpn,
 Author    = {Tsung-Yi Lin and Piotr Doll\'{a}r and
                 Ross Girshick and Kaiming He and
                 Bharath Hariharan and Serge Belongie},
    Title     = {Feature Pyramid Networks for Object Detection},
    Booktitle = {{CVPR}},
    Year = {2017}
}

@article{Bowers:2010:PPD,
 author = {Bowers, John and Wang, Rui and Wei, Li-Yi and Maletz, David},
 title = {Parallel Poisson Disk Sampling with Spectrum Analysis on Surfaces},
 journal = {ACM Trans. Graph.},
 volume = {29},
 number = {6},
 year = {2010},
 pages = {166:1--166:10},
} 

@inproceedings{Gadhela:2017:PrGan,
	Author = {Matheus Gadhela and Subhransu Maji and Rui Wang},
	Booktitle = {International Conference on 3D Vision (3DV)},
	Title = {Unsupervised 3D Shape Induction from 2D Views of Multiple Objects},
	Year = {2017}
}

@inproceedings{Gadhela:2017:3DSG,
	Author = {Matheus Gadhela and Subhransu Maji and Rui Wang},
	Booktitle = {British Machine Vision Conference (BMVC)},
	Title = {3D Shape Generation using Spatially Ordered Point Clouds},
	Year = {2017}
}

@inproceedings{Dasgupta:2008:RPT,
 author = {Dasgupta, Sanjoy and Freund, Yoav},
 title = {Random Projection Trees and Low Dimensional Manifolds},
 booktitle = {Proceedings of the Fortieth Annual ACM Symposium on Theory of Computing},
 year = {2008},
 pages = {537--546},
} 

@inproceedings{Kazhdan:2003,
 author = {Kazhdan, Michael and Funkhouser, Thomas and Rusinkiewicz, Szymon},
 title = {Rotation Invariant Spherical Harmonic Representation of 3D Shape Descriptors},
 booktitle = {Proceedings of the 2003 Eurographics/ACM SIGGRAPH Symposium on Geometry Processing},
 year = {2003},
 pages = {156--164},
}

@article {Chen03,
journal = {Computer Graphics Forum},
title = {{On Visual Similarity Based 3D Model Retrieval}},
author = {Chen, Ding-Yun and Tian, Xiao-Pei and Shen, Yu-Te and Ouhyoung, Ming},
year = {2003},
publisher = {Blackwell Publishers, Inc and the Eurographics Association},
ISSN = {1467-8659},
DOI = {10.1111/1467-8659.00669}
}

@inproceedings{Girdhar16,
    title = {Learning a Predictable and Generative Vector Representation for Objects},
    author = {Girdhar, R. and Fouhey, D.F. and Rodriguez, M. and Gupta, A.},
    booktitle = {ECCV},
    year = {2016},
}

@inproceedings{Sharma2016,
  title={VConv-DAE: Deep Volumetric Shape Learning Without Object Labels},
  author={Abhishek Sharma and Oliver Grau and Mario Fritz},
  booktitle={ECCV Workshops},
  year={2016},
}

@inproceedings{qi2016volumetric,
  author = {Charles Ruizhongtai Qi and Hao Su and Matthias Nie{\ss}ner and Angela Dai and Mengyuan Yan and Leonidas Guibas},
  title = {Volumetric and Multi-View CNNs for Object Classification on 3D Data},
  booktitle = {Computer Vision and Pattern Recognition (CVPR)},
  year = {2016},
}

@article{Yi16,
Author = {Li Yi and Vladimir G. Kim and Duygu Ceylan and I-Chao Shen and Mengyan Yan and Hao Su and Cewu Lu and Qixing Huang and Alla Sheffer and Leonidas Guibas}, 
Journal = {SIGGRAPH Asia},
Title = {A Scalable Active Framework for Region Annotation in 3D Shape Collections}, 
Year = {2016}}

@article {ocnn,
    title     = {{O-CNN: O}ctree-based Convolutional Neural Networks for 3D Shape Analysis},
    author    = {Wang, Peng-Shuai and Liu, Yang and Guo, Yu-Xiao and Sun, Chun-Yu and Tong, Xin},
    journal   = {ACM Transactions on Graphics (SIGGRAPH)},
    volume    = {36},
    number    = {4},
    year      = {2017},
}

@InProceedings{unet,
  author       = "O. Ronneberger and P.Fischer and T. Brox",
  title        = "U-Net: Convolutional Networks for Biomedical Image Segmentation",
  booktitle    = "Medical Image Computing and Computer-Assisted Intervention (MICCAI)",
  series       = "LNCS",
  pages        = "234--241",
  year         = "2015",
}

@inproceedings{kalogerakis20173d,
  title={{3D} shape segmentation with projective convolutional networks},
  author={Kalogerakis, Evangelos and Averkiou, Melinos and Maji, Subhransu and Chaudhuri, Siddhartha},
  booktitle={CVPR},
  year={2017}
}

@inproceedings{lin2018learning,
  title={Learning Efficient Point Cloud Generation for Dense 3D Object Reconstruction},
  author={Lin, Chen-Hsuan and Kong, Chen and Lucey, Simon},
  booktitle={AAAI Conference on Artificial Intelligence ({AAAI})},
  year={2018}
}

@article{graham17sparse,
  title={Submanifold Sparse Convolutional Networks},
  author={Graham, Benjamin and van der Maaten, Laurens},
  journal={arXiv preprint arXiv:1706.01307},
  year={2017}
}

@article{splatnet,
 title={{SPLATNet: S}parse Lattice Networks for Point Cloud Processing},
 author={Hang Su and Varun Jampani and Deqing Su and Subhransu Maji and Evangelos Kalogerakis and Ming-Hsuan Yang and Jan Kautz},
 journal={arXiv preprint arXiv:1802.08275},
 year={2018}
}

@inproceedings{choy20163d,
  title={{3D-R2N2: A} unified approach for single and multi-view {3D} object reconstruction},
  author={Choy, Christopher B and Xu, Danfei and Gwak, JunYoung and Chen, Kevin and Savarese, Silvio},
  booktitle={European Conference on Computer Vision},
  year={2016}
}

@misc{clipmagic,
  howpublished = "\url{https://clippingmagic.com/}"
}