
@misc{Authors14,
 author = {Authors},
 title = {The frobnicatable foo filter},
 note = {Face and Gesture  submission ID 324. Supplied as additional material {\tt fg324.pdf}},
 year = 2014
}

@misc{Authors14b,
 author = {Authors},
 title = {Frobnication tutorial},
 note = {Supplied as additional material {\tt tr.pdf}},
 year = 2014
}

@article{Alpher02,
author = {FirstName Alpher},
title = {Frobnication},
journal = {Journal of Foo},
volume = 12, 
number = 1, 
pages = {234--778}, 
year = 2002
}

@article{Alpher03,
author = {FirstName Alpher and  FirstName Fotheringham-Smythe},
title = {Frobnication revisited},
journal = {Journal of Foo},
volume = 13, 
number = 1, 
pages = {234--778}, 
year = 2003
}

@article{Alpher04,
author = {FirstName Alpher and FirstName Fotheringham-Smythe and FirstName Gamow},
title = {Can a machine frobnicate?},
journal = {Journal of Foo},
volume = 14, 
number = 1, 
pages = {234--778}, 
year = 2004
}

@article{mzlsgm_abstraction_siga_09,
AUTHOR = "Ravish Mehra and Qingnan Zhou and Jeremy Long and Alla Sheffer and Amy Gooch and Niloy J. Mitra",
TITLE = "Abstraction of Man-Made Shapes",
JOURNAL = "{ACM} Transactions on Graphics",
VOLUME = "28",
NUMBER = "5",
PAGES = "\#137, 1-10",
YEAR = "2009",
}

@article{gsmc_iwires_sig_09,
AUTHOR = "Ran Gal and Olga Sorkine and Niloy J. Mitra and  Daniel Cohen-Or",
TITLE = "iWIRES: An Analyze-and-Edit Approach to Shape Manipulation",
JOURNAL = "{ACM} Transactions on Graphics (Siggraph)",
VOLUME = "28",
NUMBER = "3",
PAGES = "\#33, 1-10",
YEAR = "2009",
}

@article{Gori2017,
  author  = {Gori, Giorgio and Sheffer, Alla and Vining, Nicholas and Rosales, Enrique and Carr, Nathan and Ju, Tao},
  title   = {FlowRep: Descriptive Curve Networks for Free-Form Design Shapes},
  journal = {ACM Transaction on Graphics},
  year    = {2017},
  volume = {36},
  number = {4},
  doi = {http://dx.doi.org/10.1145/3072959.3073639},
  publisher = {ACM},
  address = {New York, NY, USA}
}

@article{spheremesh,
		author = {Jean-Marc Thiery and Emilie Guy and Tamy Boubekeur},
		title = {Sphere-Meshes: Shape Approximation using Spherical Quadric Error Metrics},
		journal ={ACM Transaction on Graphics (Proc. SIGGRAPH Asia 2013)},
		year = {2013},
		volume = {32},
		number = {6},
		pages = {Art. No. 178},
}

@article {Wang-2017-ocnn,
title 		= {{O-CNN: Octree-based Convolutional Neural Networks for 3D Shape Analysis}},
author 		= {Wang, Peng-Shuai and Liu, Yang and Guo, Yu-Xiao and Sun, Chun-Yu and Tong, Xin},
journal 	= {ACM Transactions on Graphics (SIGGRAPH)},
volume 		= {36},
number		= {4},
year 		= {2017},
}

@InProceedings{stylegan,
author = {Karras, Tero and Laine, Samuli and Aila, Timo},
title = {A Style-Based Generator Architecture for Generative Adversarial Networks},
booktitle = {The IEEE Conference on Computer Vision and Pattern Recognition (CVPR)},
month = {June},
year = {2019}
}

@inproceedings{spade,
  title={Semantic Image Synthesis with Spatially-Adaptive Normalization},
  author={Park, Taesung and Liu, Ming-Yu and Wang, Ting-Chun and Zhu, Jun-Yan},
  booktitle={Proceedings of the IEEE Conference on Computer Vision and Pattern Recognition},
  year={2019}
}

@inproceedings{pix2pixhd,
  title={High-Resolution Image Synthesis and Semantic Manipulation with Conditional GANs},
  author={Ting-Chun Wang and Ming-Yu Liu and Jun-Yan Zhu and Andrew Tao and Jan Kautz and Bryan Catanzaro},  
  booktitle={Proceedings of the IEEE Conference on Computer Vision and Pattern Recognition},
  year={2018}
}

@inproceedings{biggan,
title={Large Scale {GAN} Training for High Fidelity Natural Image Synthesis},
author={Andrew Brock and Jeff Donahue and Karen Simonyan},
booktitle={International Conference on Learning Representations},
year={2019},
}

@inproceedings{progressivegan,
title={Progressive Growing of {GAN}s for Improved Quality, Stability, and Variation},
author={Tero Karras and Timo Aila and Samuli Laine and Jaakko Lehtinen},
booktitle={International Conference on Learning Representations},
year={2018},
}

@inproceedings{sngan,
title={Spectral Normalization for Generative Adversarial Networks},
author={Takeru Miyato and Toshiki Kataoka and Masanori Koyama and Yuichi Yoshida},
booktitle={International Conference on Learning Representations},
year={2018},
}

@article{pix2pix,
  title={Image-to-Image Translation with Conditional Adversarial Networks},
  author={Isola, Phillip and Zhu, Jun-Yan and Zhou, Tinghui and Efros, Alexei A},
  journal={CVPR},
  year={2017}
}

@InProceedings{deepfillv2,
author = {Yu, Jiahui and Lin, Zhe and Yang, Jimei and Shen, Xiaohui and Lu, Xin and Huang, Thomas S.},
title = {Free-Form Image Inpainting With Gated Convolution},
booktitle = {The IEEE International Conference on Computer Vision (ICCV)},
year={2019}
}

@InProceedings{deepfillv1,
author = {Yu, Jiahui and Lin, Zhe and Yang, Jimei and Shen, Xiaohui and Lu, Xin and Huang, Thomas S.},
title = {Generative Image Inpainting With Contextual Attention},
booktitle = {The IEEE Conference on Computer Vision and Pattern Recognition (CVPR)},
year={2018}
}

@inproceedings{partconv,
   author    = {Guilin Liu and Fitsum A. Reda and Kevin J. Shih and Ting-Chun Wang and Andrew Tao and Bryan Catanzaro},
   title     = {Image Inpainting for Irregular Holes Using Partial Convolutions},
   booktitle = {The European Conference on Computer Vision (ECCV)},   
   year      = {2018},
}

@inproceedings{esrgan,
    author = {Wang, Xintao and Yu, Ke and Wu, Shixiang and Gu, Jinjin and Liu, Yihao and Dong, Chao and Qiao, Yu and Loy, Chen Change},
    title = {ESRGAN: Enhanced super-resolution generative adversarial networks},
    booktitle = {The European Conference on Computer Vision Workshops (ECCVW)},
    year = {2018}
}

@InProceedings{srgan,
author = {Ledig, Christian and Theis, Lucas and Huszar, Ferenc and Caballero, Jose and Cunningham, Andrew and Acosta, Alejandro and Aitken, Andrew and Tejani, Alykhan and Totz, Johannes and Wang, Zehan and Shi, Wenzhe},
title = {Photo-Realistic Single Image Super-Resolution Using a Generative Adversarial Network},
booktitle = {The IEEE Conference on Computer Vision and Pattern Recognition (CVPR)},
year = {2017}
}

@InProceedings{stackgan,
author = {Zhang, Han and Xu, Tao and Li, Hongsheng and Zhang, Shaoting and Wang, Xiaogang and Huang, Xiaolei and Metaxas, Dimitris N.},
title = {StackGAN: Text to Photo-Realistic Image Synthesis With Stacked Generative Adversarial Networks},
booktitle = {The IEEE International Conference on Computer Vision (ICCV)},
year = {2017}
}

@InProceedings{attngan,
author = {Xu, Tao and Zhang, Pengchuan and Huang, Qiuyuan and Zhang, Han and Gan, Zhe and Huang, Xiaolei and He, Xiaodong},
title = {AttnGAN: Fine-Grained Text to Image Generation With Attentional Generative Adversarial Networks},
booktitle = {The IEEE Conference on Computer Vision and Pattern Recognition (CVPR)},
year = {2018}
}

@InProceedings{zhang2018cvpr,
author = {Zhang, Zizhao and Xie, Yuanpu and Yang, Lin},
title = {Photographic Text-to-Image Synthesis With a Hierarchically-Nested Adversarial Network},
booktitle = {The IEEE Conference on Computer Vision and Pattern Recognition (CVPR)},
month = {June},
year = {2018}
}

@inproceedings{acd,
 author = {Lien, Jyh-Ming and Amato, Nancy M.},
 title = {Approximate Convex Decomposition of Polyhedra},
 booktitle = {Proceedings of the 2007 ACM Symposium on Solid and Physical Modeling},
 series = {SPM '07},
 year = {2007},
} 

@inbook{ocd,
title = "Optimal Convex Decompositions",
author = "Bernard Chazelle and Dobkin, {David Paul}",
year = "1985",
number = "C",
pages = "63--133",
series = "Machine Intelligence and Pattern Recognition",
booktitle = "Machine Intelligence and Pattern Recognition",
}

@Article{meshsegprim,
author="Attene, Marco and Falcidieno, Bianca and Spagnuolo, Michela",
title="Hierarchical mesh segmentation based on fitting primitives",
journal="The Visual Computer",
year="2006",
volume="22",
number="3",
pages="181--193",
}

@article {li_sig17,
    title = {GRASS: Generative Recursive Autoencoders for Shape Structures},
    author = {Jun Li and Kai Xu and Siddhartha Chaudhuri and Ersin Yumer and Hao Zhang and Leonidas Guibas},
    journal = {ACM Transactions on Graphics (Proc. of SIGGRAPH 2017)},
    volume = {36},
    number = {4},
    pages = {to appear},
    year = {2017}
}

@article{mo2019structurenet,
      title={StructureNet: Hierarchical Graph Networks for 3D Shape Generation},
      author={Mo, Kaichun and Guerrero, Paul and Yi, Li and Su, Hao and Wonka, Peter and Mitra, Niloy and Guibas, Leonidas},
      journal={ACM Transactions on Graphics (TOG), Siggraph Asia 2019},
      volume={38},
      number={6},
      pages={Article 242},
      year={2019},
      publisher={ACM}
}

@inproceedings{abstractionshapes,
 author = {Mehra, Ravish and Zhou, Qingnan and Long, Jeremy and Sheffer, Alla and Gooch, Amy and Mitra, Niloy J.},
 title = {Abstraction of Man-made Shapes},
 booktitle = {ACM SIGGRAPH Asia 2009 Papers},
 series = {SIGGRAPH Asia '09},
 year = {2009},
 location = {Yokohama, Japan},
 publisher = {ACM},
} 

@inproceedings{variationalshape,
 author = {Cohen-Steiner, David and Alliez, Pierre and Desbrun, Mathieu},
 title = {Variational Shape Approximation},
 booktitle = {ACM SIGGRAPH 2004 Papers},
 series = {SIGGRAPH '04},
 year = {2004},
 publisher = {ACM},
 address = {New York, NY, USA},
} 

@Article{obbcage,
author="Xian, Chuhua
and Lin, Hongwei
and Gao, Shuming",
title="Automatic cage generation by improved OBBs for mesh deformation",
journal="The Visual Computer",
year="2012",
volume="28",
number="1",
pages="21--33",
}

@article{bmesh,
author = {Ji, Zhongping and Liu, Ligang and Wang, Yigang},
title = {B-Mesh: A Modeling System for Base Meshes of 3D Articulated Shapes},
journal = {Computer Graphics Forum},
volume = {29},
number = {7},
pages = {2169-2177},
year = {2010}
}

@article{animatedsm,
 author = {Thiery, Jean-Marc and Guy, \'{E}milie and Boubekeur, Tamy and Eisemann, Elmar},
 title = {Animated Mesh Approximation With Sphere-Meshes},
 journal = {ACM Trans. Graph.},
 year = {2016},
 issn = {0730-0301},
 pages = {30:1--30:13},
 articleno = {30},
 numpages = {13},
 url = {http://doi.acm.org/10.1145/2898350},
 publisher = {ACM},
 address = {New York, NY, USA},
} 

@inproceedings{graspplaning, 
author={A. T. {Miller} and S. {Knoop} and H. I. {Christensen} and P. K. {Allen}}, 
booktitle={2003 IEEE International Conference on Robotics and Automation (Cat. No.03CH37422)}, 
title={Automatic grasp planning using shape primitives}, 
year={2003}, 
volume={2}, 
pages={1824-1829 vol.2}, 
}

@article{smhandtrack,
 author = {Tkach, Anastasia and Pauly, Mark and Tagliasacchi, Andrea},
 title = {Sphere-meshes for Real-time Hand Modeling and Tracking},
 journal = {ACM Trans. Graph.},
 issue_date = {November 2016},
 volume = {35},
 number = {6},
 year = {2016},
 publisher = {ACM},
 address = {New York, NY, USA},
}

@InProceedings{Tulsiani2017,
author = {Tulsiani, Shubham and Su, Hao and Guibas, Leonidas J. and Efros, Alexei A. and Malik, Jitendra},
title = {Learning Shape Abstractions by Assembling Volumetric Primitives},
booktitle = {The IEEE Conference on Computer Vision and Pattern Recognition (CVPR)},
month = {July},
year = {2017}
}

@InProceedings{Paschalidou2019,
author = {Paschalidou, Despoina and Ulusoy, Ali Osman and Geiger, Andreas},
title = {Superquadrics Revisited: Learning 3D Shape Parsing Beyond Cuboids},
booktitle = {The IEEE Conference on Computer Vision and Pattern Recognition (CVPR)},
month = {June},
year = {2019}
}

@InProceedings{partnet,
author = {Mo, Kaichun and Zhu, Shilin and Chang, Angel X. and Yi, Li and Tripathi, Subarna and Guibas, Leonidas J. and Su, Hao},
title = {PartNet: A Large-Scale Benchmark for Fine-Grained and Hierarchical Part-Level 3D Object Understanding},
booktitle = {The IEEE Conference on Computer Vision and Pattern Recognition (CVPR)},
month = {June},
year = {2019}
}

@article{shapenet,
  title={Shapenet: An information-rich 3d model repository},
  author={Chang, Angel X and Funkhouser, Thomas and Guibas, Leonidas and Hanrahan, Pat and Huang, Qixing and Li, Zimo and Savarese, Silvio and Savva, Manolis and Song, Shuran and Su, Hao and others},
  journal={arXiv preprint arXiv:1512.03012},
  year={2015}
}

@inproceedings{atlasnet,
          title={{AtlasNet: A Papier-M\^ach\'e Approach to Learning 3D Surface Generation}},
          author={Groueix, Thibault and Fisher, Matthew and Kim, Vladimir G. and Russell, Bryan and Aubry, Mathieu},
          booktitle={Proceedings IEEE Conf. on Computer Vision and Pattern Recognition (CVPR)},
          year={2018}
        }
        
@inProceedings{mrt18,
  title={{Multiresolution Tree Networks for 3D Point Cloud Processing}},
  author = {Matheus Gadelha and Rui Wang and Subhransu Maji},
  booktitle={ECCV},
  year={2018}
}

@inproceedings{matryoshka,
         author = {Stephan R. Richter and
               Stefan Roth},
        title = {{Matryoshka Networks: Predicting 3D Geometry via Nested Shape Layers}},
        booktitle={Proceedings IEEE Conf. on Computer Vision and Pattern Recognition (CVPR)},
        year={2018}
}

@inproceedings{choy20163d,
  title={{3D-R2N2: A} unified approach for single and multi-view {3D} object reconstruction},
  author={Choy, Christopher B and Xu, Danfei and Gwak, JunYoung and Chen, Kevin and Savarese, Silvio},
  booktitle={European Conference on Computer Vision},
  year={2016}
}

@inproceedings{lin2018learning,
  title={{Learning Efficient Point Cloud Generation for Dense 3D Object Reconstruction}},
  author={Lin, Chen-Hsuan and Kong, Chen and Lucey, Simon},
  booktitle={AAAI Conference on Artificial Intelligence ({AAAI})},
  year={2018}
}

@inproceedings{qi2016volumetric,
  author = {Charles Ruizhongtai Qi and Hao Su and Matthias Nie{\ss}ner and Angela Dai and Mengyuan Yan and Leonidas Guibas},
  title = {Volumetric and Multi-View CNNs for Object Classification on 3D Data},
  booktitle = {Computer Vision and Pattern Recognition (CVPR)},
  year = {2016},
}

@inproceedings{latentpc,
  title={{Learning Representations and Generative Models For 3D Point Clouds}},
  author={Achlioptas, Panos and Diamanti, Olga and Mitliagkas, Ioannis and Guibas, Leonidas J},
  booktitle={International Conference on Machine Learning},
  year={2018}
}

@inproceedings{pcagan,
	Author = {Matheus Gadelha and Subhransu Maji and Rui Wang},
	Booktitle = {British Machine Vision Conference (BMVC)},
	Title = {3D Shape Generation using Spatially Ordered Point Clouds},
	Year = {2017}
}

@inproceedings{prgan,
	Author = {Matheus Gadelha and Subhransu Maji and Rui Wang},
	Booktitle = {International Conference on 3D Vision (3DV)},
	Title = {{Unsupervised 3D Shape Induction from 2D Views of Multiple Objects}},
	Year = {2017}
}

@inProceedings{pixel2mesh,
  title={Pixel2Mesh: Generating 3D Mesh Models from Single RGB Images},
  author={Nanyang Wang and Yinda Zhang and Zhuwen Li and Yanwei Fu and Wei Liu and Yu-Gang Jiang},
  booktitle={ECCV},
  year={2018}
}

@inproceedings{fan2016point,
  title={{A Point Set Generation Network for 3D Object Reconstruction from a Single Image}},
  author={Fan, Haoqiang and Su, Hao and Guibas, Leonidas},
  booktitle={IEEE Conference on Computer Vision and Pattern Recognition},
  year={2017}
}

@inproceedings{Soltani17,
  author    = {Amir Arsalan Soltani and Haibin Huang and Jiajun Wu and Tejas Kulkarni and Joshua Tenenbaum},
  title     = {Synthesizing 3D Shapes via Modeling Multi-View Depth Maps and Silhouettes with Deep Generative Networks},
  booktitle = {CVPR},
  year      = {2017},
}

@inproceedings{pointnet,
  title={{PointNet: Deep Learning on Point Sets for 3D Classification and Segmentation}},
  author={Hao Su and Charles Qi and Kaichun Mo and Leonidas Guibas},
  booktitle={CVPR},
  year={2017}
}

@INPROCEEDINGS{Riegler2017CVPR,
  author = {Gernot Riegler and Ali Osman Ulusoy and Andreas Geiger},
  title = {OctNet: Learning Deep 3D Representations at High Resolutions},
  booktitle = {Conference on Computer Vision and Pattern Recognition},
  yaer = {2017}
}

@inproceedings{tatarchenko2017octree,
  title={Octree Generating Networks: Efficient Convolutional Architectures for High-resolution 3D Outputs},
  author={Tatarchenko, Maxim and Dosovitskiy, Alexey and Brox, Thomas},
  booktitle={IEEE International Conference on Computer Vision (ICCV)},
  year={2017}
}

@inproceedings{LunGKMW17,
  author    = {Zhaoliang Lun and
               Matheus Gadelha and
               Evangelos Kalogerakis and
               Subhransu Maji and
               Rui Wang},
  title     = {3D Shape Reconstruction from Sketches via Multi-view Convolutional
               Networks},
  booktitle   = {International Conference on 3D Vision (3DV)},
  year      = {2017},
}

@inproceedings{hie3dcnn,
  author    = {Christian H{\"{a}}ne and
               Shubham Tulsiani and
               Jitendra Malik},
  title     = {Hierarchical Surface Prediction for 3D Object Reconstruction},
  booktitle   = {International Conference on 3D Vision (3DV)},
  year = {2017}
}

@inproceedings{chen2019learning,
  title={Learning implicit fields for generative shape modeling},
  author={Chen, Zhiqin and Zhang, Hao},
  booktitle={The IEEE Conference on Computer Vision and Pattern Recognition},
  year={2019}
}

@inproceedings{mescheder2019occupancy,
  title={{Occupancy networks: Learning 3D reconstruction in function space}},
  author={Mescheder, Lars and Oechsle, Michael and Niemeyer, Michael and Nowozin, Sebastian and Geiger, Andreas},
  booktitle={The IEEE Conference on Computer Vision and Pattern Recognition},
  year={2019}
}

@inproceedings{genova2019learning,
  title={Learning Shape Templates with Structured Implicit Functions},
  author={Genova, Kyle and Cole, Forrester and Vlasic, Daniel and Sarna, Aaron and Freeman, William T and Funkhouser, Thomas},
booktitle={International Conference on Computer Vision},
  year={2019}
}

@inproceedings{park2019deepsdf,
  title={{DeepSDF: Learning Continuous Signed Distance Functions for Shape Representation}},
  author={Park, Jeong Joon and Florence, Peter and Straub, Julian and Newcombe, Richard and Lovegrove, Steven},
  booktitle={The IEEE Conference on Computer Vision and Pattern Recognition},
  year={2019}
}

@inProceedings{cmrKanazawa18,
  title={Learning Category-Specific Mesh Reconstruction
  from Image Collections},
  author = {Angjoo Kanazawa and
  Shubham Tulsiani
  and Alexei A. Efros
  and Jitendra Malik},
  booktitle={ECCV},
  year={2018}
}

@article{gdc,
 author = {Zhou, Yang and Yin, Kangxue and Huang, Hui and Zhang, Hao and Gong, Minglun and Cohen-Or, Daniel},
 title = {Generalized Cylinder Decomposition},
 journal = {ACM Trans. Graph.},
 volume = {34},
 number = {6},
 year = {2015},
 publisher = {ACM},
 address = {New York, NY, USA},
} 

@inproceedings{nnrotation,
title={On the Continuity of Rotation Representations in Neural Networks},
author={Zhou, Yi and Barnes, Connelly and Jingwan, Lu and Jimei, Yang and Hao, Li},
booktitle={The IEEE Conference on Computer Vision and Pattern Recognition (CVPR)},
month={June},
year={2019}
}

@inProceedings{im2struct,
title={Im2Struct: Recovering 3D Shape Structure from a Single RGB Image},
author = {Chengjie Niu
and Jun Li
and Kai Xu},
booktitle={Computer Vision and Pattern Regognition (CVPR)},
year={2018}
}

@INPROCEEDINGS{minimumncd, 
author={ {Zhou Ren} and {Junsong Yuan} and {Chunyuan Li} and {Wenyu Liu}}, 
booktitle={2011 International Conference on Computer Vision}, 
title={Minimum near-convex decomposition for robust shape representation}, 
year={2011}, 
month={Nov},}

@article{acanalysis,
 author = {Kaick, Oliver Van and Fish, Noa and Kleiman, Yanir and Asafi, Shmuel and Cohen-OR, Daniel},
 title = {Shape Segmentation by Approximate Convexity Analysis},
 journal = {ACM Trans. Graph.},
 issue_date = {November 2014},
 volume = {34},
 number = {1},
 year = {2014},
 publisher = {ACM},
 address = {New York, NY, USA},
} 

@article{partsrecognition,
	doi = {10.1016/0010-0277(84)90022-2},
	title = {Parts of Recognition},
	volume = {18},
	pages = {65--96},
	journal = {Cognition},
	number = {1-3},
	year = {1984},
	author = {D. D. Hoffman and W. A. Richards}
}

@article{vae,
  title={Auto-encoding variational bayes},
  author={Kingma, Diederik P and Welling, Max},
  journal={arXiv preprint arXiv:1312.6114},
  year={2013}
}
